<?xml version="1.0" encoding="UTF-8"?><collection xmlns="http://www.loc.gov/MARC21/slim"><record><leader>00333nam--2200121-i-4500</leader><controlfield tag="001">000021051</controlfield><controlfield tag="002">20161230</controlfield><controlfield tag="005">20161230201034</controlfield><controlfield tag="008">060222s1000------------r-----000-0-eng-d</controlfield><datafield ind1=" " ind2=" " tag="100"><subfield code="a">Huxley, L.G.H</subfield></datafield><datafield ind1=" " ind2=" " tag="245"><subfield code="a">A survey of the principles et practice of wave guides</subfield></datafield><datafield ind1=" " ind2=" " tag="260"><subfield code="a">Cambridge, University Press, 1947, Xi + 328 P</subfield></datafield><datafield ind1=" " ind2=" " tag="852"><subfield code="a">10066</subfield></datafield></record></collection>